@article{
refer1,
  title={Ant colony optimization},
  author={Dorigo, Marco and Birattari, Mauro and Stutzle, Thomas},
  journal={IEEE computational intelligence magazine},
  volume={1},
  number={4},
  pages={28--39},
  year={2006},
  publisher={IEEE}
}
@article{
refer2,
  title={Autonomous mobile robot navigation using a dual artificial neural network},
  author={Wahab, Wahidin},
  booktitle={TENCON 2009-2009 IEEE Region 10 Conference},
  pages={1--6},
  year={2009},
  organization={IEEE}
}